<record><leader>00000cas a2200000 a 4500</leader><controlfield tag="001">32325674</controlfield><controlfield tag="007">hd bfu---baat</controlfield><controlfield tag="007">hd afu---bact</controlfield><controlfield tag="008">950418d19041993nbuwr nea     0    0eng d</controlfield><datafield ind1=" " ind2=" " tag="010"><subfield code="a">sn 95069481 </subfield></datafield><datafield ind1=" " ind2=" " tag="040"><subfield code="a">NVG</subfield><subfield code="b">eng</subfield><subfield code="c">NVG</subfield><subfield code="d">OCL</subfield><subfield code="d">OCLCQ</subfield><subfield code="d">OCLCF</subfield><subfield code="d">OCLCO</subfield></datafield><datafield ind1="1" ind2=" " tag="029"><subfield code="a">AU@</subfield><subfield code="b">000011677424</subfield></datafield><datafield ind1=" " ind2=" " tag="042"><subfield code="a">msc</subfield></datafield><datafield ind1=" " ind2=" " tag="043"><subfield code="a">n-us-nb</subfield></datafield><datafield ind1="0" ind2=" " tag="130"><subfield code="a">Shelby sun (Shelby, Neb. : 1904)</subfield></datafield><datafield ind1="1" ind2="4" tag="245"><subfield code="a">The Shelby sun</subfield><subfield code="h">[microform].</subfield></datafield><datafield ind1="3" ind2="0" tag="246"><subfield code="a">Nebraska blizzard-sun</subfield><subfield code="f">Oct. 6, 1904</subfield></datafield><datafield ind1=" " ind2=" " tag="260"><subfield code="a">Shelby, Neb. :</subfield><subfield code="b">A.L. Clark,</subfield><subfield code="c">1904-1993.</subfield></datafield><datafield ind1=" " ind2=" " tag="300"><subfield code="a">v.</subfield></datafield><datafield ind1=" " ind2=" " tag="310"><subfield code="a">Weekly</subfield></datafield><datafield ind1="0" ind2=" " tag="362"><subfield code="a">15th year, no. 1 (Oct. 6, 1904)-v. 99, no. 48 (Dec. 30, 1993).</subfield></datafield><datafield ind1=" " ind2=" " tag="515"><subfield code="a">Some irregularities in numbering.</subfield></datafield><datafield ind1=" " ind2=" " tag="580"><subfield code="a">Merged with: Headlight (Stromsburg, Neb.), and: Osceola record, to form: Polk County news (Stromsburg, Neb. : 1994).</subfield></datafield><datafield ind1=" " ind2=" " tag="533"><subfield code="a">Microfilm.</subfield><subfield code="m">1904-1993:[Gaps]</subfield><subfield code="b">Lincoln, Neb. :</subfield><subfield code="c">Nebraska State Historical Society,</subfield><subfield code="d">1973-1994.</subfield><subfield code="e">30 microfilm reels ; 35 mm.</subfield></datafield><datafield ind1=" " ind2="0" tag="651"><subfield code="a">Shelby (Neb.)</subfield><subfield code="v">Newspapers.</subfield></datafield><datafield ind1=" " ind2="0" tag="651"><subfield code="a">Polk County (Neb.)</subfield><subfield code="v">Newspapers.</subfield></datafield><datafield ind1=" " ind2="7" tag="655"><subfield code="a">Newspapers.</subfield><subfield code="2">fast</subfield><subfield code="0">(OCoLC)fst01423814</subfield></datafield><datafield ind1=" " ind2="7" tag="651"><subfield code="a">Nebraska</subfield><subfield code="z">Polk County.</subfield><subfield code="2">fast</subfield><subfield code="0">(OCoLC)fst01206420</subfield></datafield><datafield ind1=" " ind2="7" tag="651"><subfield code="a">Nebraska</subfield><subfield code="z">Shelby.</subfield><subfield code="2">fast</subfield><subfield code="0">(OCoLC)fst01276117</subfield></datafield><datafield ind1=" " ind2=" " tag="752"><subfield code="a">United States</subfield><subfield code="b">Nebraska</subfield><subfield code="c">Polk</subfield><subfield code="d">Shelby.</subfield></datafield><datafield ind1="0" ind2="0" tag="780"><subfield code="t">Nebraska blizzard-sun</subfield><subfield code="w">(DLC)sn 95069480</subfield></datafield><datafield ind1="0" ind2="5" tag="780"><subfield code="t">Gresham gazette (Gresham, Neb.)</subfield><subfield code="w">(DLC)sn 95069476</subfield></datafield><datafield ind1="1" ind2="7" tag="785"><subfield code="t">Headlight (Stromsburg, Neb.)</subfield><subfield code="w">(DLC)sn 95069486</subfield></datafield><datafield ind1="1" ind2="7" tag="785"><subfield code="t">Osceola record</subfield><subfield code="w">(DLC)sn 95069488</subfield></datafield><datafield ind1="1" ind2="7" tag="785"><subfield code="t">Polk County news (Stromsburg, Neb. : 1994)</subfield><subfield code="x">1074-2751</subfield></datafield></record>